@manual{ieee754,
   author = {Recognized as an American National Standard (ANSI)},
   title = {IEEE Standard for Binary Floating-Point Arithmetic},
   year = {1995},
   note = {\url{https://ieeexplore.ieee.org/stamp/stamp.jsp?tp=&arnumber=30711}, [Online; Stand 8. Juli 2023]}
 }
@manual{newton,
   author = {Werner Vogt},
   title = {Zur Numerik nichtlinearer Gleichungssysteme (Teil 1)},
   year = {2001},
   organization = {Technische Universität Ilmenau},
   note = {\url{https://www.db-thueringen.de/servlets/MCRFileNodeServlet/dbt_derivate_00008992/IfM_Preprint_M_01_12.pdf#page=30&zoom=auto,-13,488}, [Online; Stand 8. Juli 2023]}
 }
 @manual{qsqrt,
   author = {Quake III Arena. id Software},
   title =  {q{\_}math.c},
   year = {2012},
   note = {\url{https://www.github.com/id-Software/Quake-III-Arena/blob/master/code/game/q_math.c}, [Online; Stand 8. Juli 2023]}
 }
  @manual{c17iso,
   title =  {ISO/IEC9899:2017},
   year = {2017},
   note = {\url{https://web.archive.org/web/20181230041359/http://www.open-std.org/jtc1/sc22/wg14/www/abq/c17_updated_proposed_fdis.pdf}, Seite 59, Fußnote 97 [Online; Stand 8. Juli 2023]}
 }

@manual{Eberly,
  author = {David Eberly},
  title = {Fast inverse square root (Revisited)},
  year = {2010}
}

@manual{Lomont,
  author = {Chris Lomont},
  title = {Fast inverse square root},
  year = {2003},
  organization = {Indiana: Purdue University},
  note = {\url{http://www.lomont.org/Math/Papers/2003/InvSqrt.pdf}}
}

@manual{Robertson,
  author = {Matthew Robertson},
  title = {A Brief History of InvSqrt},
  year = {2012},
  organization = {The University of New Brunswick},
  note = {\url{https://mrober.io/papers/rsqrt.pdf}, [Online; Stand 8. Juli 2023]}
}
@manual{McEniry,
  author = {Charles McEniry},
  title = {The Mathematics Behind the Fast Inverse Square Root Function Code},
  year = {2007},
  organization = {The University of New Brunswick},
  note = {\url{http://www.daxia.com/bibis/upload/406Fast_Inverse_Square_Root.pdf}, [Online; Stand 8. Juli 2023]}
}
@manual{preetham,
  author = {Preetham Narayanareddy},
  title = {How Fast Inverse Square Root actually works},
  year = {2022},
  organization = {},
  note = {\url{https://www.preethamrn.com/posts/fast-inverse-sqrt/}, [Online; Stand 12. Juli 2023]}
}
@manual{kadlec,
  author = {Jan Kadlec},
  title = {Improving the fast inverse square root},
  year = {2010},
  organization = {},
  note = {\url{http://rrrola.wz.cz/inv_sqrt.html}, [Online; Stand 12. Juli 2023]}
}
@manual{intel2017man,
  author = {{Intel Corporation}},
  title = {Intel 64 and IA-32 Architectures Software Developer’s Manual},
  year = {2016},
  month = apr,
  organization = {Intel Corporation},
  note = {\url{http://www.intel.com/content/www/us/en/processors/architectures-software-developer-manuals.html},
   visited 2017-08-19}
}